@phdthesis{alex,
    author = {Alexander May},
    title = {New RSA Vulnerabilities Using Lattice Reduction Methods},
    school = {University of Paderborn},
    year = {2003},
}

@Article{Coppersmith1997,
author={Coppersmith, Don},
title={Small Solutions to Polynomial Equations, and Low Exponent RSA Vulnerabilities},
journal={Journal of Cryptology},
year={1997},
month={Sep},
day={01},
volume={10},
pages={233-260},
issn={1432-1378},
doi={10.1007/s001459900030},
url={https://doi.org/10.1007/s001459900030}
}

@misc{sagemath,
  title = {Dense univariate polynomials over Z/nZ, implemented using NTL},
  note = {http://doc.sagemath.org/html/en/reference/polynomial\_rings/sage/rings/polynomial/ \\ polynomial\_modn\_dense\_ntl.html}
}
